<?xml version="1.0" encoding="UTF-8"?><collection xmlns="http://www.loc.gov/MARC21/slim"><record><leader>00544nam--2200181-i-4500</leader><controlfield tag="001">000043973</controlfield><controlfield tag="002">20161230</controlfield><controlfield tag="005">20161230201044</controlfield><controlfield tag="008">060222s1000------------r-----000-0-fre-d</controlfield><datafield ind1=" " ind2=" " tag="040"><subfield code="a">IFIN-HH</subfield></datafield><datafield ind1=" " ind2=" " tag="041"><subfield code="a">fre</subfield></datafield><datafield ind1=" " ind2=" " tag="080"><subfield code="a">539.194:539.143.43(043)</subfield></datafield><datafield ind1="1" ind2=" " tag="100"><subfield code="a">Tetu, Gilles</subfield></datafield><datafield ind1="1" ind2="0" tag="245"><subfield code="a">Etude des mouvements intramoleculaires rapides par resonance magnetique nucleaire en champ inhomogene</subfield><subfield code="b">These</subfield><subfield code="c">Gilles tetu</subfield></datafield><datafield ind1=" " ind2=" " tag="260"><subfield code="a">Lyon</subfield><subfield code="b">Universite Claude Bernanrd</subfield><subfield code="c">1975</subfield></datafield><datafield ind1=" " ind2=" " tag="300"><subfield code="a">110P</subfield></datafield><datafield ind1=" " ind2=" " tag="852"><subfield code="a">44093</subfield><subfield code="c">539.19</subfield></datafield><datafield ind1=" " ind2=" " tag="CAT"><subfield code="a">Sys</subfield><subfield code="c">20120716</subfield><subfield code="h">100702</subfield></datafield></record></collection>